@article{alexnet,
    author = "Alex Krizhevsky and Ilya Sutskever and Geoffrey E. Hinton. University of Toronto",
    title = "ImageNet Classification with Deep Convolutional
Neural Networks",
    year = "Sept. 2012",
    DOI = "https://proceedings.neurips.cc/paper/2012/file/c399862d3b9d6b76c8436e924a68c45b-Paper.pdf",
    keywords = "alexnet"
}

@article{dqn,
    author = "Volodymyr Mnih and Koray Kavukcuoglu and David Silver and Alex Graves and Ioannis Antonoglou and Daan Wierstra and Martin Riedmiller. DeepMind Technologies",
    title = "Playing Atari with Deep Reinforcement Learning",
    year = "Dec. 2013",
    DOI = "https://arxiv.org/pdf/1312.5602.pdf",
    keywords = "dqn"
}

@article{ddqn,
    author = "Hado van Hasselt and Arthur Guez and David Silver. Google DeepMind",
    title = "Deep Reinforcement Learning with Double Q-learning",
    year = "Dec. 2015",
    DOI = "https://arxiv.org/pdf/1509.06461.pdf",
    keywords = "ddqn"
}

@article{ppo,
    author = "John Schulman and Filip Wolski and Prafulla Dhariwal and Alec Radford and Oleg Klimov. OpenAI",
    title = "Proximal Policy Optimization Algorithm",
    year = "Aug 2017",
    DOI = "https://arxiv.org/pdf/1707.06347.pdf",
    keywords = "ppo"
}

@article{d3qn,
  author={Huang, Ying and Wei, GuoLiang and Wang, YongXiong},
  booktitle={2018 37th Chinese Control Conference (CCC)}, 
  title={V-D D3QN: the Variant of Double Deep Q-Learning Network with Dueling Architecture}, 
  year={2018},
  volume={},
  number={},
  pages={9130-9135},
  doi={10.23919/ChiCC.2018.8483478}}